<record><leader>00000cas a2200000 a 4500</leader><controlfield tag="001">37767472</controlfield><controlfield tag="008">971010d19761979vtuwr ne      0    0eng c</controlfield><datafield ind1=" " ind2=" " tag="010"><subfield code="a">sn 97067597 </subfield></datafield><datafield ind1=" " ind2=" " tag="040"><subfield code="a">NVN</subfield><subfield code="b">eng</subfield><subfield code="c">NVN</subfield><subfield code="d">OCLCQ</subfield></datafield><datafield ind1=" " ind2=" " tag="042"><subfield code="a">pcc</subfield></datafield><datafield ind1=" " ind2=" " tag="043"><subfield code="a">n-us-vt</subfield></datafield><datafield ind1="0" ind2="0" tag="245"><subfield code="a">Chester sentinel.</subfield></datafield><datafield ind1=" " ind2=" " tag="260"><subfield code="a">Springfield, Vt. :</subfield><subfield code="b">Lee Maldrand,</subfield><subfield code="c">1976-1979.</subfield></datafield><datafield ind1=" " ind2=" " tag="300"><subfield code="a">v.</subfield></datafield><datafield ind1=" " ind2=" " tag="310"><subfield code="a">Weekly</subfield></datafield><datafield ind1="0" ind2=" " tag="362"><subfield code="a">Vol. 1, no. 2 (Dec. 1, 1976)-May 16, 1979.</subfield></datafield><datafield ind1=" " ind2=" " tag="580"><subfield code="a">Issued with: Springfield reporter (Springfield, Vt. : 1976), Dec. 1, 1976-May 16, 1979.</subfield></datafield><datafield ind1=" " ind2="4" tag="651"><subfield code="a">Chester (Vt.)</subfield><subfield code="v">Newspapers.</subfield></datafield><datafield ind1=" " ind2=" " tag="752"><subfield code="a">United States</subfield><subfield code="b">Vermont</subfield><subfield code="c">Windsor</subfield><subfield code="d">Springfield.</subfield></datafield><datafield ind1="1" ind2=" " tag="777"><subfield code="t">Springfield reporter (Springfield, Vt. : 1976)</subfield><subfield code="w">(DLC)sn 97067595</subfield><subfield code="w">(OCoLC)37773108</subfield></datafield><datafield ind1="0" ind2="0" tag="785"><subfield code="t">Chester sentinel news</subfield><subfield code="w">(DLC)sn 97067596</subfield><subfield code="w">(OCoLC)37772996</subfield></datafield><datafield ind1="1" ind2=" " tag="029"><subfield code="a">AU@</subfield><subfield code="b">000013539009</subfield></datafield></record>